%%%%%%%%%%%%%

@article{PELEEpaper,
    author = "Abratenko, P. and others",
    collaboration = "MicroBooNE Collaboration",
    title = "{Search for an anomalous excess of charged-current $\nu_{e}$ interactions without pions in the final state with the MicroBooNE experiment}",
    doi = "10.1103/PhysRevD.105.112004",
    journal = "Phys. Rev. D",
    volume = "105",
    number = "11",
    pages = "112004",
    year = "2022",
    reportNumber = "FERMILAB-PUB-21-506-ND-SCD",
}

@article{MiniBooNEpaper,
  title = "{Updated MiniBooNE neutrino oscillation results with increased data and new background studies}",
  author = {Aguilar-Arevalo, A. A. and others},
  collaboration = {MiniBooNE Collaboration},
  journal = {Phys. Rev. D},
  volume = {103},
  issue = {5},
  pages = {052002},
  numpages = {13},
  year = {2021},
  month = {Mar},
  publisher = {American Physical Society},
  doi = {10.1103/PhysRevD.103.052002},
  url = {https://link.aps.org/doi/10.1103/PhysRevD.103.052002}
}

